@misc(webia, key="webia",
    title="Inteligencia {A}rtificial - Web de la asignatura",
    howpublished="\url{http://obi-wan.inf-cr.uclm.es:44080/parte2/}")

@misc(python, key="python",
    title="Python {P}rogramming {L}anguage - {O}fficial {W}ebsite",
    howpublished="\url{http://www.python.org/}")
%    note="http://www.python.org")

@misc(psyco, key="psyco",
    title="Psyco {H}ome {P}age",
    howpublished="\url{http://psyco.sourceforge.net/}")

@misc(zeroc, key="zeroc",
    title="ZeroC, the {H}ome of {I}ce",
    howpublished="\url{http://www.zeroc.com/}")

@book(russell03, key="russell03",author="Russell, S.J. and Norvig, P.",
    title="Inteligencia Artificial. Un Enfoque Moderno, 2a ed.",
    publisher="Pearson Prentice Hall",
    year=2003)